%% This BibTeX bibliography file was created using BibDesk.
%% http://bibdesk.sourceforge.net/

%% Created for Johan Nordlander at 2016-08-27 13:36:29 +0200


%% Saved with string encoding Unicode (UTF-8)


@string{lncs = {Lecture Notes in Comput.\ Sci.}}


@book{AR:BSW,
	Booktitle = {Basic Software Module Description Template},
	Date-Added = {2016-08-27 11:34:39 +0000},
	Date-Modified = {2016-08-27 11:36:28 +0000},
	Key = {AAAE},
	Publisher = {AUTOSAR consortium},
        author = {AUTOSAR},
	Title = {Basic Software Module Description Template},
	Year = {2016}}

@book{AR:COM,
	Booktitle = {Specification of AUTOSAR COM},
	Date-Added = {2016-08-27 11:34:39 +0000},
	Date-Modified = {2016-08-27 11:36:28 +0000},
	Key = {AAAD},
	Publisher = {AUTOSAR consortium},
        author = {AUTOSAR},
	Title = {Specification of AUTOSAR COM},
	Year = {2016}}

@book{AR:ERR,
	Booktitle = {Explanation of Error Handling on Application Level},
	Date-Added = {2016-08-25 07:29:24 +0000},
	Date-Modified = {2016-08-27 11:36:21 +0000},
	Key = {AAAC},
	Publisher = {AUTOSAR consortium},
	Title = {Explanation of Error Handling on Application Level},
        author = {AUTOSAR},
	Year = {2016},
        COMMENTURL = "https://www.autosar.org/fileadmin/files/releases/4-2/software-architecture/general/auxiliary/AUTOSAR_EXP_ApplicationLevelErrorHandling.pdf"}

@book{AR:SWC,
	Booktitle = {AUTOSAR 4.2.2 Software Component Template},
	Date-Added = {2016-08-19 09:46:27 +0000},
	Date-Modified = {2016-08-27 11:36:04 +0000},
	Key = {AAAA},
	Publisher = {AUTOSAR consortium},
        author = {AUTOSAR},
	Title = {AUTOSAR Release 4.2.2 Software Component Template},
	Year = {2016}}

@book{AR:RTE,
	Booktitle = {Specification of RTE},
	Date-Added = {2016-08-18 15:03:32 +0000},
	Date-Modified = {2016-08-27 11:36:11 +0000},
	Key = {AAAB},
	Publisher = {AUTOSAR consortium},
        author = {AUTOSAR},
	Title = {AUTOSAR Release 4.2.2 Specification of RTE},
	Year = {2016}}

@misc{AR:Homepage,
	Date-Modified = {2016-08-19 10:13:31 +0000},
	Key = {AUTOSAR},
	Title = {{AUTOSAR} homepage},
	Url = {www.autosar.org},
	Year = 2016,
	Bdsk-Url-1 = {www.autosar.org}}

@misc{AR.eprover,
	Date-Modified = {2016-08-19 10:13:31 +0000},
	Key = {E},
	Title = {Chalmers {AUTOSAR} semantics, \url{https://github.com/patrikja/autosar/sem/semantics.eprover}},
	Year = 2016}

@misc{ARSim,
	Date-Modified = {2016-08-19 10:13:31 +0000},
	Key = {S},
	Title = {The {Chalmers} {AUTOSAR} simulator, \url{https://github.com/patrikja/autosar/ARSim}},
	Year = 2016}

@book{milner:ComMob,
    abstract = {An abstract is not available.},
    address = {New York, NY, USA},
    author = {Milner, Robin},
    citeulike-article-id = {2109043},
    citeulike-linkout-0 = {http://portal.acm.org/citation.cfm?id=329902},
    isbn = {0-521-65869-1},
    keywords = {pi-calculus},
    posted-at = {2008-02-14 13:09:13},
    priority = {2},
    publisher = {Cambridge University Press},
    title = {Communicating and Mobile Systems: the Pi Calculus},
    year = {1999}
}

@article{prasad:cbs,
title = "A calculus of broadcasting systems",
journal = "Science of Computer Programming",
volume = "25",
number = "2",
pages = "285 - 327",
year = "1995",
note = "",
issn = "0167-6423",
author = "K.V.S. Prasad",
}

@article{Reynolds93,
  added-at = {2003-06-26T00:00:00.000+0200},
  author = {Reynolds, John C.},
  date = {2003-06-26},
  description = {dblp},
  interhash = {eb3d228869a798e82bf9e53152fe66ee},
  intrahash = {f528f232a691c30c0c2752e2632bba9d},
  journal = {Lisp and Symbolic Computation},
  keywords = {dblp},
  number = {3-4},
  pages = {233-248},
  timestamp = {2003-06-26T00:00:00.000+0200},
  title = {The Discoveries of Continuations.},
  volume = 6,
  year = 1993
}

@INPROCEEDINGS{Baeten00processalgebra,
    author = {J.C.M. Baeten and C. A. Middelburg and Eindhoven The Netherlands},
    title = {Process Algebra with Timing: Real Time and Discrete Time},
    booktitle = {Handbook of Process Algebra},
    year = {2000},
    pages = {627--684},
    publisher = {Elsevier}
}

@misc{T2U:Homepage,
	Key = {TIMMO-2-USE},
	Note = {\texttt{www.timmo-2-use.org}},
	Optauthor = {{TIMMO-2-USE}},
	Title = {Homepage of the {TIMMO-2-USE} project},
	Year = 2012}

@misc{AUTOSAR:Timing-Extensions,
	Author = {{AUTOSAR}},
	Key = {AUTOSAR-TS},
	Note = {\texttt{www.autosar.org/}},
	Title = {Specification of Timing Extensions},
	Version = {1.2.0},
	Year = 2011}

@techreport{TADL-report,
	Author = {Rolf Johansson and Patrick Frey and Jan Jonsson and Johan Nordlander and Risat Mahmud Pathan and Nico Feiertag and Martin Schlager and Huascar Espinoza and Kai Richter and Stefan Kuntz and Henrik L{\"o}nn and Ramin Tavakoli Kolagari and Hans Blom},
	Month = oct,
	Optnumber = {Deliverable D6},
	Title = {{TADL}: Timing Augmented Description Language, version 2},
	Type = {Technical Report},
	Year = {2009}}

@inproceedings{EAST-ADL,
	Address = {Schloss Dagstuhl, Germany},
	Author = {Philippe Cuenot and Patrik Frey and Rolf Johansson and Henrik L{\"o}nn and Yiannis Papadopoulos and Mark-Oliver Reiser and Anders Sandberg and David Servat and Ramin Tavakoli Kolagari and Martin T{\"o}rngren and Matthias Weber},
	Booktitle = {Model-Based Engineering of Embedded Real-Time Systems},
	Editor = {Holger Giese and Gabor Karsai and Edward Lee and Bernard Rumpe and Bernard Sch{\"a}tz},
	Month = nov,
	Pages = {297--308},
	Publisher = {Springer-Verlag},
	Series = lncs,
	Title = {The {EAST-ADL} Architecture Description Language for Automotive Embedded Software},
	Volume = {6100},
	Year = {2007}}

@inproceedings{Amon:DAC1997,
	Acmid = {266071},
	Address = {New York, NY, USA},
	Author = {Amon, Tod and Borriello, Gaetano and Hu, Taokuan and Liu, Jiwen},
	Booktitle = {Proc.\ 34th annual Design Automation Conference},
	Doi = {10.1145/266021.266071},
	Isbn = {0-89791-920-3},
	Location = {Anaheim, California},
	Numpages = {6},
	Optseries = {DAC '97},
	Pages = {226--231},
	Publisher = {ACM},
	Title = {Symbolic timing verification of timing diagrams using {P}resburger formulas},
	Year = {1997},
	Bdsk-Url-1 = {http://dx.doi.org/10.1145/266021.266071}}

@inproceedings{Alur-etal-RTL,
	Author = {Rajeev Alur and C. Courcoubetis and David Dill},
	Booktitle = {Proc.\ Logic in Computer Science},
	Month = jun,
	Pages = {414--425},
	Publisher = {IEEE},
	Title = {Model-checking for real-time systems},
	Year = {1990}}

@article{Alur:RTL,
	Acmid = {174651},
	Address = {New York, NY, USA},
	Author = {Alur, Rajeev and Henzinger, Thomas A.},
	Doi = {10.1145/174644.174651},
	Issn = {0004-5411},
	Issue_Date = {Jan. 1994},
	Journal = {J. ACM},
	Keywords = {EXPSPACE-completeness, dense time, discrete time, linear-time temporal logic, model checking, real-time requirements},
	Month = jan,
	Number = {1},
	Numpages = {23},
	Pages = {181--203},
	Publisher = {ACM},
	Title = {A really temporal logic},
	Volume = {41},
	Year = {1994},
	Bdsk-Url-1 = {http://dx.doi.org/10.1145/174644.174651}}

@article{ChaochenHR91,
	Added-At = {2011-07-08T00:00:00.000+0200},
	Author = {Chaochen, Zhou and Hoare, C. A. R. and Ravn, Anders P.},
	Journal = {Inf. Process. Lett.},
	Keywords = {dblp},
	Number = 5,
	Pages = {269-276},
	Timestamp = {2011-07-08T00:00:00.000+0200},
	Title = {A Calculus of Durations.},
	Volume = 40,
	Year = 1991}

@article{Moszkowski:ITL,
	Address = {Los Alamitos, CA, USA},
	Author = {B. Moszkowski},
	Issn = {0018-9162},
	Journal = {Computer},
	Pages = {10-19},
	Publisher = {IEEE Computer Society},
	Title = {A Temporal Logic for Multilevel Reasoning about Hardware},
	Volume = {18},
	Year = {1985}}

@article{Mattolini:ILR,
	Acmid = {367879},
	Address = {Piscataway, NJ, USA},
	Author = {Mattolini, Riccardo and Nesi, Paolo},
	Doi = {10.1109/32.910858},
	Issn = {0098-5589},
	Issue_Date = {March 2001},
	Journal = {IEEE Trans. Softw. Eng.},
	Keywords = {Formal specification language, first order logic, temporal interval logic, verification and validation, real-time systems.},
	Month = mar,
	Number = {3},
	Numpages = {20},
	Pages = {208--227},
	Publisher = {IEEE Press},
	Title = {An Interval Logic for Real-Time System Specification},
	Volume = {27},
	Year = {2001},
	Bdsk-Url-1 = {http://dx.doi.org/10.1109/32.910858}}

@article{Gruninger:PSL,
	Acmid = {958677},
	Address = {Menlo Park, CA, USA},
	Author = {Gr\"{u}ninger, Michael and Menzel, Christopher},
	Issn = {0738-4602},
	Issue_Date = {September 2003},
	Journal = {AI Mag.},
	Month = sep,
	Number = {3},
	Numpages = {12},
	Pages = {63--74},
	Publisher = {American Association for Artificial Intelligence},
	Title = {The process specification language ({PSL}) theory and applications},
	Volume = {24},
	Year = {2003}}

@inproceedings{Abadi92anold-fashioned,
	Author = {Martin Abadi and Leslie Lamport and Robert W. Taylor},
	Booktitle = {ACM Transactions on Programming Languages and Systems},
	Pages = {1--27},
	Publisher = {Springer-Verlag},
	Title = {An Old-Fashioned Recipe for Real Time},
	Year = {1992}}

@techreport{CCSL-report,
	Author = {Charles Andr{\'e} and Fr{\'e}d{\'e}ric Mallet},
	Institution = {INRIA},
	Month = may,
	Title = {Clock Constraints in {UML}/{MARTE} {CCSL}},
	Type = {Research Report},
	Year = {2008}}

@article{Larsen97uppaalin,
	Author = {Kim G. Larsen and Paul Pettersson and Wang Yi},
	Journal = {Int. Journal on Software Tools for Technology Transfer},
	Pages = {134--152},
	Title = {{UPPAAL} in a nutshell},
	Volume = {1},
	Year = {1997}}

@techreport{MARTE-spec,
	Institution = {OMG},
	Key = {OMG},
	Month = nov,
	Title = {{UML} Profile for {MARTE}: Modeling and Analysis of Real-Time Embedded Systems},
	Url = {\texttt{www.omg.org/spec/MARTE/1.0}},
	Year = {2009},
	Bdsk-Url-1 = {%5Ctexttt%7Bwww.omg.org/spec/MARTE/1.0%7D}}
